@misc{National-Instruments,
    author = {{National Instruments}},
    title = {{Controller Area Network (CAN) Overview}},
    year = {2019},
    howpublished = {https://www.ni.com/en-us/innovations/white-papers/06/controller-area-network--can--overview.html},
    note = {[Online; accessed 8-July-2019]}
}

@article{Bosch1991,
    title={{CAN} specification version 2.0},
    author={{Robert Bosch GmbH}},
    year={1991}
}

@article{TexasInstruments2002,
    title={Introduction to the controller area network ({CAN})},
    author={HPL and Steve Corrigan},
    journal={Application Report SLOA101},
    pages={1--17},
    year={2002}
}

@phdthesis{Stone2018,
    author = {Stone, Brent and Graham, Scott and Mullins, Barry and {Schubert Kabban}, Christine},
    booktitle = {Air Force Institute of Technology},
    isbn = {5512294571},
    school = {Air Force Institute of Technology},
    title = {{Enabling Auditing and Intrusion Detection for Proprietary Controller Area Networks}},
    type = {Dissertation},
    year = {2018}
}

@inproceedings{Buttigieg2017,
    title={Security issues in controller area networks in automobiles},
    author={Buttigieg, Robert and Farrugia, Mario and Meli, Clyde},
    booktitle={2017 18th International Conference on Sciences and Techniques of Automatic Control and Computer Engineering (STA)},
    pages={93--98},
    year={2017},
    organization={IEEE}
}

@book{Burkov2019,
    title = {The Hundred-Page Machine Learning Book},
    author = {Andriy Burkov},
    year = {2019},
}

@book{Goodfellow2016,
    author = {Goodfellow, Ian and Bengio, Yoshua and Courville, Aaron},
    title = {Deep Learning},
    year = {2016},
    isbn = {0262035618, 9780262035613},
    publisher = {The MIT Press},
}

@book{Box1994,
    address = {Upper Saddle River, NJ},
    author = {Box, George E. P. and Jenkins, Gwilym M. and Reinsel, Gregory C.},
    file = {:Users/david/repos/afit/literature/Time Series Analysis - Forecasting and Control.pdf:pdf},
    publisher = {Prentice-Hall, Inc.},
    title = {Time Series Analysis: Forecasting and Control},
    year = {1994}
}

@inproceedings{Kang2016,
    author = {Kang, Min-Ju and Kang, Je-Won},
    year = {2016},
    month = {05},
    pages = {1-5},
    title = {A Novel Intrusion Detection Method Using Deep Neural Network for In-Vehicle Network Security},
    doi = {10.1109/VTCSpring.2016.7504089}
}

@article{Kwon2017,
    author = {Kwon, Donghwoon and Kim, Hyunjoo and Kim, Jinoh and C. Suh, Sang and Kim, Ikkyun and Kim, Kuinam},
    year = {2017},
    month = {09},
    pages = {},
    title = {A survey of deep learning-based network anomaly detection},
    journal = {Cluster Computing},
    doi = {10.1007/s10586-017-1117-8}
}

@inproceedings{Marchetti2017,
    author = {Marchetti, Mirco and Stabili, Dario},
    year = {2017},
    month = {06},
    pages = {1577-1583},
    title = {Anomaly detection of {CAN} bus messages through analysis of {ID} sequences},
    doi = {10.1109/IVS.2017.7995934}
}

@article{Enev2016,
    title={Automobile driver fingerprinting},
    author={Enev, Miro and Takakuwa, Alex and Koscher, Karl and Kohno, Tadayoshi},
    journal={Proceedings on Privacy Enhancing Technologies},
    volume={2016},
    number={1},
    pages={34--50},
    year={2016},
    publisher={De Gruyter Open}
}

@article{Tyree2018,
    author = {Zachariah Tyree and Robert A. Bridges and Frank L. Combs and Michael R. Moore},
    title = {Exploiting the Shape of {CAN} Data for In-Vehicle Intrusion Detection},
    journal = {CoRR},
    volume = {abs/1808.10840},
    year = {2018},
    url = {http://arxiv.org/abs/1808.10840},
    archivePrefix = {arXiv},
    eprint = {1808.10840},
    timestamp = {Mon, 03 Sep 2018 13:36:40 +0200},
    biburl = {https://dblp.org/rec/bib/journals/corr/abs-1808-10840},
    bibsource = {dblp computer science bibliography, https://dblp.org}
}
