@phdthesis{Stone2018,
author = {Stone, Brent and Graham, Scott and Mullins, Barry and {Schubert Kabban}, Christine},
booktitle = {Air Force Institute of Technology},
file = {:Users/david/repos/masters/literature/Enabling Auditing and Intrusion Detection for Proprietary Controller Area Networks.pdf:pdf},
isbn = {5512294571},
school = {Air Force Institute of Technology},
title = {{Enabling Auditing and Intrusion Detection for Proprietary Controller Area Networks}},
type = {Dissertation},
year = {2018}
}

@misc{ACMTPS2018,
author = {{ACM TPS}},
booktitle = {ACM Transactions on Cyber-Physical Systems (TCPS)},
title = {{Cyber-Physical Systems (TCPS): About}},
url = {https://tcps.acm.org/about.cfm},
urldate = {2019-05-31},
year = {2018}
}

@article{Shirani2015,
author = {Shirani, Paria and Azgomi, Mohammad Abdollahi and Alrabaee, Saed},
doi = {10.1109/CCECE.2015.7129383},
file = {:Users/david/repos/masters/literature/A Method for Intrusion Detection in Web Services Based on Time Series.pdf:pdf},
isbn = {9781479958290},
issn = {08407789},
journal = {Canadian Conference on Electrical and Computer Engineering},
number = {June},
pages = {836--841},
publisher = {IEEE},
title = {{A method for intrusion detection in web services based on time series}},
volume = {2015-June},
year = {2015}
}

@article{Takens1981,
author = {Floris Takens},
journal = {Dynamical Systems and Turbulence},
title = {Detecting strange attractors in turbulence},
pages = {366--381}
}

@book{Kotu2019,
author = {Kotu, Vijay and Deshpande, Bala},
booktitle = {Data Science},
doi = {10.1016/b978-0-12-814761-0.00012-5},
file = {:Users/david/repos/masters/literature/Data Science - Time-Series Forecasting.pdf:pdf},
isbn = {978-0-12-814761-0},
pages = {395--445},
title = {{Time Series Forecasting}},
year = {2019}
}

@misc{ISO2012,
author = {ISO},
title = {{ISO 27145-1:2012(en), Road vehicles — Implementation of World-Wide Harmonized On-Board Diagnostics (WWH-OBD) communication requirements — Part 1: General information and use case definition}},
url = {https://www.iso.org/obp/ui/{\#}iso:std:iso:27145:-1:ed-1:v1:en},
urldate = {2019-05-31},
year = {2012}
}

@misc{SugiharaLab2019,
author = {{Sugihara Lab}},
booktitle = {University of California at San Diego},
title = {{Empirical Data Modeling: Quantitative Ecology and Data- Driven Theory}},
url = {http://deepecoweb.ucsd.edu/nonlinear-dynamics-research/edm/},
urldate = {2019-05-31},
year = {2019}
}

@misc{SAE2017,
author = {{SAE International}},
title = {SAE J1979: E/E Diagnostic Test Modes},
booktitle = {SAE},
url = {https://www.sae.org/standards/content/j1979},
urldate = {2019-05-31},
year = {2017}
}
