@misc{wikipedia:np-c,
    author = "{Wikipedia contributors}",
    title = "NP-completeness --- {W}ikipedia{,} The Free Encyclopedia",
    year = "2019",
    url = "https://en.wikipedia.org/wiki/NP-completeness",
    note = "[Online; accessed 04-June-2019]"
}

@misc{wikipedia:np-hard,
    author = "{Wikipedia contributors}",
    title = "NP-hardness --- {W}ikipedia{,} The Free Encyclopedia",
    year = "2019",
    url = "https://en.wikipedia.org/wiki/NP-hardness",
    note = "[Online; accessed 04-June-2019]"
}

@misc{wikipedia:ida*,
    author = "{Wikipedia contributors}",
    title = "Iterative deepening {A}* --- {W}ikipedia{,} The Free Encyclopedia",
    year = "2018",
    url = "https://en.wikipedia.org/wiki/Iterative_deepening_A*",
    note = "[Online; accessed 07-June-2019]"
}

@misc{wikipedia:npc-problems,
    author = "{Wikipedia contributors}",
    title = "List of NP-complete problems
    year = "2019",
    url = "https://en.wikipedia.org/wiki/List_of_NP-complete_problems",
    note = "[Online; accessed 07-June-2019]"
}

@misc{wikipedia:max-coverage,
    author = "{Wikipedia contributors}",
    title = "Maximum coverage problem --- {W}ikipedia{,} The Free Encyclopedia",
    year = "2019",
    url = "https://en.wikipedia.org/wiki/Maximum_coverage_problem",
    note = "[Online; accessed 04-June-2019]"
}

@misc{wikipedia:problem-domain,
    author = "{Wikipedia contributors}",
    title = "Problem domain --- {W}ikipedia{,} The Free Encyclopedia",
    year = "2019",
    url = "https://en.wikipedia.org/wiki/Problem_domain",
    note = "[Online; accessed 06-June-2019]"
}

@misc{wikipedia:determinism,
    author = "{Wikipedia contributors}",
    title = "Deterministic algorithm --- {W}ikipedia{,} The Free Encyclopedia",
    year = "2019",
    url = "https://en.wikipedia.org/wiki/Deterministic_algorithm",
    note = "[Online; accessed 05-June-2019]"
}

@article{Cobham1965,
	title = {The Intrinsic Computational Difficulty of Functions},
	year = {1965},
	author = {Alan Cobham},
	pages = {24--30},
	publisher = {North-Holland Publishing},
	editor = {Yehoshua Bar{-}Hillel},
	booktitle = {Logic, Methodology and Philosophy of Science: Proceedings of the 1964 International Congress (Studies in Logic and the Foundations of Mathematics)}
}

@article{Barr1995,
    title={Designing and reporting on computational experiments with heuristic methods},
    author={Richard S. Barr and Bruce L. Golden and James P. Kelly and Mauricio G. C. Resende and William R. Stewart},
    journal={J. Heuristics},
    year={1995},
    volume={1},
    pages={9-32}
}

@book{Garey1979,
    author = {Garey, Michael R. and Johnson, David S.},
    title = {Computers and Intractability: A Guide to the Theory of NP-Completeness},
    year = {1979},
    isbn = {0716710447},
    publisher = {W. H. Freeman \& Co.},
    address = {New York, NY, USA},
}

@inproceedings{Cook1971,
    author = {Cook, Stephen A.},
    title = {The Complexity of Theorem-proving Procedures},
    booktitle = {Proceedings of the Third Annual ACM Symposium on Theory of Computing},
    series = {STOC '71},
    year = {1971},
    location = {Shaker Heights, Ohio, USA},
    pages = {151--158},
    numpages = {8},
    url = {http://doi.acm.org/10.1145/800157.805047},
    doi = {10.1145/800157.805047},
    acmid = {805047},
    publisher = {ACM},
    address = {New York, NY, USA},
}

@inproceedings{Lamont2007, 
    author={G. B. {Lamont} and J. N. {Slear} and K. {Melendez}}, 
    booktitle={2007 IEEE Symposium on Computational Intelligence in Multi-Criteria Decision-Making}, 
    title={UAV Swarm Mission Planning and Routing using Multi-Objective Evolutionary Algorithms}, 
    year={2007}, 
    volume={}, 
    number={}, 
    pages={10-20}, 
    keywords={aerospace control;evolutionary computation;optimisation;path planning;UAV swarm mission planning;UAV swarm mission routing;multiobjective evolutionary algorithms;autonomous aerial vehicles;path planning;vehicle routing;swarm behavior;multiobjective evolutionary algorithm;terrain-following parallel path planner;vehicle routing problem;parallel UAV simulation;Unmanned aerial vehicles;Routing;Evolutionary computation;Path planning;Costs;Remotely operated vehicles;Mobile robots;Technology planning;Automotive engineering;Design engineering}, 
    doi={10.1109/MCDM.2007.369410}, 
    ISSN={}, 
    month={April},
}

@article{Liu2018,
    author = {Liu, Jiajie and Wang, Weiping and Li, Xiaobo and Wang, Tao and Bai, Senyang and Wang, Yanfeng},
    year = {2018},
    month = {05},
    pages = {1067},
    title = {Solving a multi-objective mission planning problem for UAV swarms with an improved NSGA-III algorithm},
    volume = {11},
    journal = {International Journal of Computational Intelligence Systems},
    doi = {10.2991/ijcis.11.1.81}
}

@article{Caska2016,
    author = {Çaşka, Serkan and Gayretli, Ahmet},
    year = {2016},
    month = {04},
    pages = {},
    title = {An Algorithm for Collaborative Surveillance Systems with Unmanned Aerial and Ground Vehicles},
    volume = {33},
    journal = {International Journal of Engineering Trends and Technology},
    doi = {10.14445/22315381/IJETT-V33P241}
}

@article{Hart1968, 
    author={P. E. {Hart} and N. J. {Nilsson} and B. {Raphael}}, 
    journal={IEEE Transactions on Systems Science and Cybernetics}, 
    title={A Formal Basis for the Heuristic Determination of Minimum Cost Paths}, 
    year={1968}, 
    volume={4}, 
    number={2}, 
    pages={100-107}, 
    keywords={Costs;Mathematical programming;Minimization methods;Functional programming;Automatic control;Minimax techniques;Gradient methods;Chemical technology;Automatic programming;Instruction sets}, 
    doi={10.1109/TSSC.1968.300136}, 
    ISSN={0536-1567}, 
    month={July},
}

@book{Russell2009,
    author = {Russell, Stuart and Norvig, Peter},
    title = {Artificial Intelligence: A Modern Approach},
    year = {2009},
    isbn = {0136042597, 9780136042594},
    edition = {3rd},
    publisher = {Prentice Hall Press},
    address = {Upper Saddle River, NJ, USA},
}

@book{Pearl1984,
    author = {Pearl, Judea},
    title = {Heuristics:  Intelligent Search Strategies for Computer Problem Solving},
    year = {1984},
    isbn = {0-201-05594-5},
    publisher = {Addison-Wesley Longman Publishing Co., Inc.},
    address = {Boston, MA, USA},
}

@book{Lamont2006,
    author = {Coello, Carlos A. Coello and Lamont, Gary B. and Veldhuizen, David A. Van},
    title = {Evolutionary Algorithms for Solving Multi-Objective Problems (Genetic and Evolutionary Computation)},
    year = {2006},
    isbn = {0387332545},
    publisher = {Springer-Verlag},
    address = {Berlin, Heidelberg},
}

@misc{python:primitives,
    author = "{Python Software Foundation}",
    title = "Built-in Types",
    year = "2019",
    url = "https://docs.python.org/3/library/stdtypes.html",
    note = "[Online; accessed 05-June-2019]"
}

@misc{python:pycharm,
    author = "{JetBrains s.r.o.}",
    title = "PyCharm: The Python IDE for Professional Developers",
    year = "2019",
    url = "https://www.jetbrains.com/pycharm/",
    note = "[Online; accessed 05-June-2019]"
}

@misc{apple:macbook,
    author = "{Apple, Inc.}",
    title = "MacBook Pro",
    year = "2019",
    url = "https://www.apple.com/macbook-pro/",
    note = "[Online; accessed 05-June-2019]"
}

@misc{wikipedia:permutation,
    author = "{Wikipedia contributors}",
    title = "Permutation --- {W}ikipedia{,} The Free Encyclopedia",
    year = "2019",
    url = "https://en.wikipedia.org/wiki/Permutation",
    note = "[Online; accessed 05-June-2019]"
}

@misc{wikipedia:stochastic-optimization,
    author = "{Wikipedia contributors}",
    title = "Stochastic optimization --- {W}ikipedia{,} The Free Encyclopedia",
    year = "2019",
    url = "https://en.wikipedia.org/wiki/Stochastic_optimization",
    note = "[Online; accessed 06-June-2019]"
}

@misc{wikipedia:beam-search,
    author = "{Wikipedia contributors}",
    title = "Beam search --- {W}ikipedia{,} The Free Encyclopedia",
    year = "2019",
    url = "https://en.wikipedia.org/wiki/Beam_search",
    note = "[Online; accessed 06-June-2019]"
}

@misc{wikipedia:big-o,
    author = "{Wikipedia contributors}",
    title = "Big O notation --- {W}ikipedia{,} The Free Encyclopedia",
    year = "2019",
    url = "https://en.wikipedia.org/wiki/Big_O_notation",
    note = "[Online; accessed 06-June-2019]"
}

@misc{wikipedia:local-search,
    author = "{Wikipedia contributors}",
    title = "Local search (optimization) --- {W}ikipedia{,} The Free Encyclopedia",
    year = "2019",
    url = "https://en.wikipedia.org/wiki/Local_search_(optimization)",
    note = "[Online; accessed 06-June-2019]"
}

@misc{wikipedia:computational_complexity_theory,
    author = "{Wikipedia contributors}",
    title = "Computational complexity theory --- {W}ikipedia{,} The Free Encyclopedia",
    year = "2019",
    url = "https://en.wikipedia.org/wiki/Computational_complexity_theory",
    note = "[Online; accessed 06-June-2019]"
}

@book{Sommerville2010,
    author = {Sommerville, Ian},
    title = {Software Engineering},
    year = {2010},
    isbn = {0137035152, 9780137035151},
    edition = {9th},
    publisher = {Addison-Wesley Publishing Company},
    address = {USA},
}

@book{Gamma1994,
    added-at = {2010-06-05T16:40:25.000+0200},
    asin = {0201633612},
    author = {Gamma, Erich and Helm, Richard and Johnson, Ralph and Vlissides, John M.},
    biburl = {https://www.bibsonomy.org/bibtex/27e3f1154ab1fbce54752a46dba7f2217/pnk},
    description = {Amazon.com: Design Patterns: Elements of Reusable Object-Oriented Software (9780201633610): Erich Gamma, Richard Helm, Ralph Johnson, John M. Vlissides: Books},
    dewey = {005.12},
    ean = {9780201633610},
    edition = 1,
    interhash = {7fe32957be97afaf4ecb38b5490d23b4},
    intrahash = {7e3f1154ab1fbce54752a46dba7f2217},
    isbn = {0201633612},
    keywords = {DBIS Design Object-Oriented Patterns SS2010 Seminar Software},
    publisher = {Addison-Wesley Professional},
    timestamp = {2010-06-05T16:40:25.000+0200},
    title = {Design Patterns: Elements of Reusable Object-Oriented Software},
    url = {http://www.amazon.com/Design-Patterns-Elements-Reusable-Object-Oriented/dp/0201633612/ref=ntt_at_ep_dpi_1},
    year = 1994
}

@book{Gomaa2011,
    place={Cambridge},
    title={Software Modeling and Design: UML, Use Cases, Patterns, and Software Architectures},
    DOI={10.1017/CBO9780511779183},
    publisher={Cambridge University Press},
    author={Gomaa, Hassan},
    year={2011}
}

@book{Brownlee2011,
    author = {Brownlee, Jason},
    title = {Clever Algorithms: Nature-Inspired Programming Recipes},
    year = {2011},
    isbn = {1446785068, 9781446785065},
    edition = {1st},
    publisher = {Lulu.com},
}

@book{Williamson2011,
    author = {Williamson, David P. and Shmoys, David B.},
    title = {The Design of Approximation Algorithms},
    year = {2011},
    isbn = {0521195276, 9780521195270},
    edition = {1st},
    publisher = {Cambridge University Press},
    address = {New York, NY, USA},
}

@book{Talbi2009,
    author = {Talbi, El-Ghazali},
    title = {Metaheuristics: From Design to Implementation},
    year = {2009},
    isbn = {0470278587, 9780470278581},
    publisher = {John Wiley \& Sons},
}

@inproceedings{Young2018,
    author = {Young, Jeffrey and Walkingshaw, Eric},
    year = {2018},
    month = {02},
    pages = {870-875},
    title = {A Domain Analysis of Data Structure and Algorithm Explanations in the Wild},
    doi = {10.1145/3159450.3159477}
}

@unpublished{handout:lecture2,
    author = {Lamont, Gary B.},
    year = {2019},
    month = {03},
    title = {Lecture 2 `Designing Solutions for P-Time Problems'}
}

@unpublished{handout:heuristics,
    author = {Lamont, Gary B.},
    year = {2019},
    month = {05},
    title = {Admissible h vs. Monotonic h in {A}*}
}

@unpublished{handout:global-search,
    author = {Lamont, Gary B.},
    year = {2019},
    month = {04},
    title = {3.4 Global Search - Breath First Search}
}

@unpublished{handout:ants,
    author = {Lamont, Gary B.},
    year = {2016},
    title = {Swarm intelligence: Part {I}: The origins of ant colony optimization techniques}
}

@article{Wolpert1997,
    author = {Wolpert, D. H. and Macready, W. G.},
    title = {No Free Lunch Theorems for Optimization},
    journal = {Trans. Evol. Comp},
    issue_date = {April 1997},
    volume = {1},
    number = {1},
    month = apr,
    year = {1997},
    issn = {1089-778X},
    pages = {67--82},
    numpages = {16},
    url = {https://doi.org/10.1109/4235.585893},
    doi = {10.1109/4235.585893},
    acmid = {2221408},
    publisher = {IEEE Press},
    address = {Piscataway, NJ, USA},
}

@article{Kirkpatrick1983,
    author = {S. Kirkpatrick and C. D. Gelatt and M. P. Vecchi},
    title = {Optimization by simulated annealing},
    journal = {SCIENCE},
    year = {1983},
    volume = {220},
    number = {4598},
    pages = {671--680}
}

@article{Glover1986,
    author = {Glover, Fred},
    title = {Future Paths for Integer Programming and Links to Artificial Intelligence},
    journal = {Comput. Oper. Res.},
    issue_date = {May 1986},
    volume = {13},
    number = {5},
    month = may,
    year = {1986},
    issn = {0305-0548},
    pages = {533--549},
    numpages = {17},
    url = {http://dx.doi.org/10.1016/0305-0548(86)90048-1},
    doi = {10.1016/0305-0548(86)90048-1},
    acmid = {15311},
    publisher = {Elsevier Science Ltd.},
    address = {Oxford, UK, UK},
}

@inproceedings{Moore1959,
    author = {F Moore, Edward},
    year = {1959},
    month = {01},
    pages = {285-292},
    title = {The shortest path through a maze}
}

@book{Moyson1988,
    title = {The Collective Behavior of Ants: An Example of Self-organization in Massive Parallelism},
    author = {Moyson, F. and Manderick, B. and Vrije Universiteit Brussel. Artificial Intelligence Laboratory},
    series = {AI memo},
    url = {https://books.google.com/books?id=u7YWSQAACAAJ},
    year = {1988},
    publisher = {Artificial Intelligence Laboratory, Vrije Universiteit Brussel}
}


@article{Korf1985,
    author = {Korf, Richard E.},
    title = {Depth-first Iterative-deepening: An Optimal Admissible Tree Search},
    journal = {Artif. Intell.},
    issue_date = {Sept. 1985},
    volume = {27},
    number = {1},
    month = sep,
    year = {1985},
    issn = {0004-3702},
    pages = {97--109},
    numpages = {13},
    url = {http://dx.doi.org/10.1016/0004-3702(85)90084-0},
    doi = {10.1016/0004-3702(85)90084-0},
    acmid = {4436},
    publisher = {Elsevier Science Publishers Ltd.},
    address = {Essex, UK},
}

@book{Kleinberg2005,
    author = {Kleinberg, Jon and Tardos, Eva},
    title = {Algorithm Design},
    year = {2005},
    isbn = {0321295358},
    publisher = {Addison-Wesley Longman Publishing Co., Inc.},
    address = {Boston, MA, USA},
}

@incollection{Hochbaum1996,
    author = {Hochbaum, Dorit S.},
    chapter = {Approximating Covering and Packing Problems: Set Cover, Vertex Cover, Independent Set, and Related Problems},
    title = {Approximation Algorithms for NP-hard Problems},
    editor = {Hochbaum, Dorit S.},
    year = {1997},
    isbn = {0-534-94968-1},
    pages = {94--143},
    numpages = {50},
    url = {http://dl.acm.org/citation.cfm?id=241938.241941},
    acmid = {241941},
    publisher = {PWS Publishing Co.},
    address = {Boston, MA, USA},
}
