@misc{can:overview,
    author = {{National Instruments}},
    title = {{Controller Area Network ({CAN}) Overview}},
    year = {2019},
    howpublished = {https://www.ni.com/en-us/innovations/\\white-papers/06/controller-area-network--can--overview.html},
    note = {[Online; accessed 8-July-2019]}
}

@book{Burkov2019,
    title = {The Hundred-Page Machine Learning Book},
    author = {Andriy Burkov},
    year = {2019},
}

@book{James2014,
    author = {James, Gareth and Witten, Daniela and Hastie, Trevor and Tibshirani, Robert},
    title = {An Introduction to Statistical Learning: With Applications in R},
    year = {2014},
    isbn = {1461471370, 9781461471370},
    publisher = {Springer Publishing Company, Incorporated},
} 
